@misc{mcintosh2024inadequacies,
      title={Inadequacies of Large Language Model Benchmarks in the Era of Generative Artificial Intelligence}, 
      author={Timothy R. McIntosh and Teo Susnjak and Nalin Arachchilage and Tong Liu and Paul Watters and Malka N. Halgamuge},
      year={2024},
      eprint={2402.09880},
      archivePrefix={arXiv},
      primaryClass={cs.AI},
      url={https://arxiv.org/abs/2402.09880}, 
}
@misc{xu2024benchmark,
      title={Benchmark Data Contamination of Large Language Models: A Survey}, 
      author={Cheng Xu and Shuhao Guan and Derek Greene and M-Tahar Kechadi},
      year={2024},
      eprint={2406.04244},
      archivePrefix={arXiv},
      primaryClass={cs.CL},
      url={https://arxiv.org/abs/2406.04244}, 
}
@misc{golchin2024time,
      title={Time Travel in LLMs: Tracing Data Contamination in Large Language Models}, 
      author={Shahriar Golchin and Mihai Surdeanu},
      year={2024},
      eprint={2308.08493},
      archivePrefix={arXiv},
      primaryClass={cs.CL},
      url={https://arxiv.org/abs/2308.08493}, 
}
@misc{xia2024top,
      title={Top Leaderboard Ranking = Top Coding Proficiency, Always? EvoEval: Evolving Coding Benchmarks via LLM}, 
      author={Chunqiu Steven Xia and Yinlin Deng and Lingming Zhang},
      year={2024},
      eprint={2403.19114},
      archivePrefix={arXiv},
      primaryClass={cs.SE},
      url={https://arxiv.org/abs/2403.19114}, 
}
@misc{lyu2024beyond,
      title={Beyond Probabilities: Unveiling the Misalignment in Evaluating Large Language Models}, 
      author={Chenyang Lyu and Minghao Wu and Alham Fikri Aji},
      year={2024},
      eprint={2402.13887},
      archivePrefix={arXiv},
      primaryClass={cs.CL},
      url={https://arxiv.org/abs/2402.13887}, 
}
@misc{dalvi2024llmebench,
      title={LLMeBench: A Flexible Framework for Accelerating LLMs Benchmarking}, 
      author={Fahim Dalvi and Maram Hasanain and Sabri Boughorbel and Basel Mousi and Samir Abdaljalil and Nizi Nazar and Ahmed Abdelali and Shammur Absar Chowdhury and Hamdy Mubarak and Ahmed Ali and Majd Hawasly and Nadir Durrani and Firoj Alam},
      year={2024},
      eprint={2308.04945},
      archivePrefix={arXiv},
      primaryClass={cs.CL},
      url={https://arxiv.org/abs/2308.04945}, 
}
@misc{rasiah2024scale,
      title={{SCALE}: Scaling up the Complexity for Advanced Language Model Evaluation},
      author={Vishvaksenan Rasiah and Ronja Stern and Veton Matoshi and Matthias St{\"u}rmer and Ilias Chalkidis and Daniel E. Ho and Joel Niklaus},
      year={2024},
      url={https://openreview.net/forum?id=aLXRYfIUUd}
}
@misc{li2024enhancing,
      title={Enhancing LLM Factual Accuracy with RAG to Counter Hallucinations: A Case Study on Domain-Specific Queries in Private Knowledge-Bases}, 
      author={Jiarui Li and Ye Yuan and Zehua Zhang},
      year={2024},
      eprint={2403.10446},
      archivePrefix={arXiv},
      primaryClass={cs.CL},
      url={https://arxiv.org/abs/2403.10446}, 
}
@misc{friel2025ragbench,
      title={RAGBench: Explainable Benchmark for Retrieval-Augmented Generation Systems}, 
      author={Robert Friel and Masha Belyi and Atindriyo Sanyal},
      year={2025},
      eprint={2407.11005},
      archivePrefix={arXiv},
      primaryClass={cs.CL},
      url={https://arxiv.org/abs/2407.11005}, 
}
@misc{chalkidis2022lexgluebenchmarkdatasetlegal,
      title={LexGLUE: A Benchmark Dataset for Legal Language Understanding in English}, 
      author={Ilias Chalkidis and Abhik Jana and Dirk Hartung and Michael Bommarito and Ion Androutsopoulos and Daniel Martin Katz and Nikolaos Aletras},
      year={2022},
      eprint={2110.00976},
      archivePrefix={arXiv},
      primaryClass={cs.CL},
      url={https://arxiv.org/abs/2110.00976}, 
}
@misc{jing2025secbenchcomprehensivemultidimensionalbenchmarking,
      title={SecBench: A Comprehensive Multi-Dimensional Benchmarking Dataset for LLMs in Cybersecurity}, 
      author={Pengfei Jing and Mengyun Tang and Xiaorong Shi and Xing Zheng and Sen Nie and Shi Wu and Yong Yang and Xiapu Luo},
      year={2025},
      eprint={2412.20787},
      archivePrefix={arXiv},
      primaryClass={cs.CR},
      url={https://arxiv.org/abs/2412.20787}, 
}
@misc{bhusal2024securebenchmarkinglargelanguage,
      title={SECURE: Benchmarking Large Language Models for Cybersecurity}, 
      author={Dipkamal Bhusal and Md Tanvirul Alam and Le Nguyen and Ashim Mahara and Zachary Lightcap and Rodney Frazier and Romy Fieblinger and Grace Long Torales and Benjamin A. Blakely and Nidhi Rastogi},
      year={2024},
      eprint={2405.20441},
      archivePrefix={arXiv},
      primaryClass={cs.CR},
      url={https://arxiv.org/abs/2405.20441}, 
}
@misc{gao2024retrieval,
      title={Retrieval-Augmented Generation for Large Language Models: A Survey}, 
      author={Yunfan Gao and Yun Xiong and Xinyu Gao and Kangxiang Jia and Jinliu Pan and Yuxi Bi and Yi Dai and Jiawei Sun and Meng Wang and Haofen Wang},
      year={2024},
      eprint={2312.10997},
      archivePrefix={arXiv},
      primaryClass={cs.CL},
      url={https://arxiv.org/abs/2312.10997}, 
}
@misc{es2023ragas,
      title={RAGAS: Automated Evaluation of Retrieval Augmented Generation}, 
      author={Shahul Es and Jithin James and Luis Espinosa-Anke and Steven Schockaert},
      year={2023},
      eprint={2309.15217},
      archivePrefix={arXiv},
      primaryClass={cs.CL},
      url={https://arxiv.org/abs/2309.15217}, 
}
@misc{saad2024ares,
      title={ARES: An Automated Evaluation Framework for Retrieval-Augmented Generation Systems}, 
      author={Jon Saad-Falcon and Omar Khattab and Christopher Potts and Matei Zaharia},
      year={2024},
      eprint={2311.09476},
      archivePrefix={arXiv},
      primaryClass={cs.CL},
      url={https://arxiv.org/abs/2311.09476}, 
}
@misc{krishna2024attackqa,
      title={AttackQA: Development and Adoption of a Dataset for Assisting Cybersecurity Operations using Fine-tuned and Open-Source LLMs}, 
      author={Varun Badrinath Krishna},
      year={2024},
      eprint={2411.01073},
      archivePrefix={arXiv},
      primaryClass={cs.LG},
      url={https://arxiv.org/abs/2411.01073}, 
}
@misc{douze2025faiss,
      title={The Faiss library}, 
      author={Matthijs Douze and Alexandr Guzhva and Chengqi Deng and Jeff Johnson and Gergely Szilvasy and Pierre-Emmanuel Mazaré and Maria Lomeli and Lucas Hosseini and Hervé Jégou},
      year={2025},
      eprint={2401.08281},
      archivePrefix={arXiv},
      primaryClass={cs.LG},
      url={https://arxiv.org/abs/2401.08281}, 
}
@techreport{nist2020security,
            title={Security and Privacy Controls for Information Systems and Organizations},
            author={NIST},
            institution={NIST},
            type={NIST Special Publication},
            number={800-53 Rev. 5},
            year={2020},
            month={9},
            address={Gaithersburg, MD},
            url={https://doi.org/10.6028/NIST.SP.800-53r5},
            doi={10.6028/NIST.SP.800-53r5}
}
@techreport{nist2024cybersecurity,
            title={Cybersecurity Framework 2.0},
            author={NIST},
            year={2024},
            institution={NIST},
            type={NIST Cybersecurity White Paper [CSWP]},
            number={NIST CSWP 29},
            doi={10.6028/NIST.CSWP.29},
            url={https://doi.org/10.6028/NIST.CSWP.29}
}
@manual{cis2023critical,
  author    = {CIS},
  title     = {Critical Security Controls v8},
  year      = {2023},
  url       = {https://www.cisecurity.org/controls/v8-1}
}
@techreport{csa_ccm2023,
  author    = {CSA},
  title     = {Cloud Controls Matrix v4.0},
  year      = {2023},
  institution = {CSA},
  url       = {https://cloudsecurityalliance.org/research/ccm/}
}
@manual{fedramp2023security,
  author    = {FedRAMP},
  title     = {Security Controls and Compliance Guidelines},
  year      = {2023},
  url       = {https://www.fedramp.gov/documents-templates/}
}
@techreport{europeancommission2023gdpr,
  author    = {EuropeanCommission},
  title     = {GDPR Enforcement Cases: Official Public Reports},
  year      = {2023},
  institution = {European Union},
  url       = {https://gdpr.eu}
}
@manual{mitre_attack2024,
  author    = {MITRE},
  title     = {ATT\&CK Framework for Cyber Threat Intelligence},
  year      = {2024},
  url       = {https://attack.mitre.org/}
}
@manual{ollama2024documentation,
  author    = {Ollama},
  title     = {Documentation for Local Model Deployment},
  year      = {2024},
  url       = {https://github.com/ollama/ollama/tree/main/docs}
}
@article{trustgraph2024graph,
  author    = {TrustGraph},
  title     = {Graph-Based Retrieval-Augmented Generation},
  journal   = {Technical Report},
  year      = {2024},
  url       = {https://trustgraph.ai/docs/TrustGraph}
}
@manual{langchain2024framework,
  author    = {LangChain},
  title     = {Framework for developing applications powered by large language models},
  year      = {2024},
  url       = {https://python.langchain.com/docs/introduction/}
}

@manual{langgraph2025framework,
  author    = {LangGraph},
  title     = {Framework for building, managing, and deploying long running, stateful agents},
  year      = {2025},
  url       = {https://langchain-ai.github.io/langgraph/}
}

@manual{pydantic2025data,
  author    = {Pydantic},
  title     = {Data validation library for Python.},
  year      = {2025},
  url       = {https://docs.pydantic.dev/latest/}
}

@manual{qdrant2025open,
  author    = {Qdrant},
  title     = {Open source vector database and similarity search engine designed to handle high-dimensional vectors for performance and massive-scale AI applications},
  year      = {2025},
  url       = {https://qdrant.tech/}
}